@book{7,
    author = "Aggarwal C.C., Zhai C.",
    title = "Mining Text Data",
    publisher = "Springer New York, NY",
    year = 2012 
}
@article{27,
  title={Deep Learning},
  author={Yann LeCun and Yoshua Bengio and Geoffrey E. Hinton},
  journal={Nature},
  year={2015},
  volume={521},
  pages={436-444}
}
@article{task,
  title={A Survey on Text Classification: From Traditional to Deep Learning},
  author={Qian Li and Hao Peng and Jianxin Li and Congyin Xia and Renyu Yang and Lichao Sun and Philip S. Yu and Lifang He},
  journal={ACM Transactions on Intelligent Systems and Technology (TIST)},
  year={2020},
  volume={13},
  pages={1--41}
}
@article{45,
  title={Abbreviations for names of rock-forming minerals},
  author={Donna L. Whitney and Bernard W. Evans},
  journal={American Mineralogist},
  year={2010},
  volume={95},
  pages={185--187}
}
@article{161,
  title={Problems in the Analysis of Survey Data, and a Proposal},
  author={James N. Morgan and John A. Sonquist},
  journal={Journal of the American Statistical Association},
  year={1963},
  volume={58},
  pages={415--434}
}
@article{166,
  title={Towards an aggregator that exploits big data to bid on frequency containment reserve market},
  author={Christian Giovanelli and Xin Liu and S. Sierla and Valeriy Vyatkin and Ryutaro Ichise},
  journal={IECON 2017 - 43rd Annual Conference of the IEEE Industrial Electronics Society},
  year={2017},
  pages={7514--7519}
}
@inproceedings{6,
  title={Recurrent Convolutional Neural Networks for Text Classification},
  author={Siwei Lai and Liheng Xu and Kang Liu and Jun Zhao},
  booktitle={AAAI Conference on Artificial Intelligence},
  year={2015}
}
@article{186,
  title={Reading Text in the Wild with Convolutional Neural Networks},
  author={Max Jaderberg and Karen Simonyan and Andrea Vedaldi and Andrew Zisserman},
  journal={International Journal of Computer Vision},
  year={2014},
  volume={116},
  pages={1-20}
}
@article{187,
  title={Gradient-based learning applied to document recognition},
  author={Yann LeCun and L{\'e}on Bottou and Yoshua Bengio and Patrick Haffner},
  journal={Proc. IEEE},
  year={1998},
  volume={86},
  pages={2278-2324}
}
@inproceedings{188,
  title={Evaluation of Pooling Operations in Convolutional Architectures for Object Recognition},
  author={Dominik Scherer and Andreas C. M{\"u}ller and Sven Behnke},
  booktitle={International Conference on Artificial Neural Networks},
  year={2010}
}
@article{189,
  title={Effective Use of Word Order for Text Categorization with Convolutional Neural Networks},
  author={Rie Johnson and Tong Zhang},
  journal={ArXiv},
  year={2014},
  volume={abs/1412.1058}
}
@inproceedings{69,
  title={Convolutional Neural Networks for Sentence Classification},
  author={Yoon Kim},
  booktitle={Conference on Empirical Methods in Natural Language Processing},
  year={2014}
}
@inproceedings{141,
  title={Ant Colony Optimization Model for Discrete Tomography Problems},
  author={Divyesh Patel and Tanuja Srivastava},
  booktitle={International Conference on Soft Computing for Problem Solving},
  year={2013}
}
@inproceedings{142,
  title={Object Recognition Using Gabor Wavelet Features with Various Classification Techniques},
  author={Divya Sahgal and Manoranjan Parida},
  booktitle={International Conference on Soft Computing for Problem Solving},
  year={2013}
}
@article{202,
  title={Opening the Black Box of Deep Neural Networks via Information},
  author={Ravid Shwartz-Ziv and Naftali Tishby},
  journal={ArXiv},
  year={2017},
  volume={abs/1703.00810}
}
@inproceedings{203,
  title={Alternatives to regression models for estimating software projects},
  author={Stephen G. MacDonell and A. R. Gray},
  year={1996}
}
@inproceedings{204,
  title={Learning Important Features Through Propagating Activation Differences},
  author={Avanti Shrikumar and Peyton Greenside and Anshul Kundaje},
  booktitle={International Conference on Machine Learning},
  year={2017}
}
@article{205,
  title={Deep learning comes of age},
  author={Gary Anthes},
  journal={Commun. ACM},
  year={2013},
  volume={56},
  pages={13-15}
}
@article{206,
  title={One-shot and few-shot learning of word embeddings},
  author={Andrew Kyle Lampinen and James L. McClelland},
  journal={ArXiv},
  year={2017},
  volume={abs/1710.10280}
}
@article{207,
  title={Learning to Rank Short Text Pairs with Convolutional Deep Neural Networks},
  author={Aliaksei Severyn and Alessandro Moschitti},
  journal={Proceedings of the 38th International ACM SIGIR Conference on Research and Development in Information Retrieval},
  year={2015}
}
@article{140,
    author = "Divya Sahgal, A. Ramesh",
    title = "On Road Vehicle Detection Using Gabor Wavelet Features with Various Classification Techniques.",
    journal = "Proceedings of the 14th International Conference on Digital Signal Processing Proceedings.",
    year = "2002"
}
@article{168,
  title={Data mining approach and its application to dresses sales recommendation},
  author={Jasim, Dalia Sami},
  journal={Researchgate. Net},
  year={2016}
}
@book{172,
  title={Social network analytics for contemporary business organizations},
  author={Bansal, Himani and Shrivastava, Gulshan and Nguyen, Gia Nhu and Stanciu, Loredana-Mihaela},
  year={2018},
  publisher={IGI Global}
}
@article{143,
  title={Comparing Existing Methods for Predicting the Detection of Possibilities of Blood Cancer by Analyzing Health Data},
  author={Sanjay, Gandhi Priyank and Nagori, Viral and Sanjay, GP and Nagori, V},
  journal={Int. J. Innov. Res. Sci. Technol},
  volume={4},
  pages={10--14},
  year={2018}
}