@book{7,
    author = "Aggarwal C.C.",
    title = "Mining Text Data",
    publisher = "Springer New York",
    year = 2012 
}
@article{27,
  title={Deep Learning},
  author={Le Yann Cun},
  journal={Nature},
  year={2015},
  volume={521},
  pages={436-444}
}
@article{task,
  title={A Survey on Text Classification: From Traditional to Deep Learning},
  author={Qian Li and Hao Peng and Jianxin Li and Congyin Xia and Renyu Yang and Lichao Sun and Philip S. Yu and Lifang He},
  journal={ACM Transactions on Intelligent Systems and Technology (TIST)},
  year={2020},
  volume={13},
  pages={1--41}
}
@article{45,
  title={Abbreviations for names of rock-forming minerals},
  author={Donna L. Whitney and Bernard W. Evans},
  journal={American Mineralogist},
  year={2010},
  volume={95},
  pages={185--187}
}
@article{161,
  title={Problems in the Analysis of Survey Data, and a Proposal},
  author={James N. Morgan and John A. Sonquist},
  journal={Journal of the American Statistical Association},
  year={1963},
  volume={58},
  pages={415--434}
}
@article{166,
  title={Towards an aggregator that exploits big data to bid on frequency containment reserve market},
  author={Christian Giovanelli and Xin Liu and S. Sierla and Valeriy Vyatkin and Ryutaro Ichise},
  journal={IECON 2017 - 43rd Annual Conference of the IEEE Industrial Electronics Society},
  year={2017},
  pages={7514--7519}
}
@inproceedings{6,
  title={Recurrent Convolutional Neural Networks for Text Classification},
  author={Siwei Lai and Liheng Xu and Kang Liu and Jun Zhao},
  booktitle={AAAI Conference on Artificial Intelligence},
  year={2015}
}
@article{186,
  title={Reading Text in the Wild with Convolutional Neural Networks},
  author={Max Jaderberg and Karen Simonyan and Andrea Vedaldi and Andrew Zisserman},
  journal={International Journal of Computer Vision},
  year={2014},
  volume={116},
  pages={1-20}
}
@article{187,
  title={Gradient-based learning applied to document recognition},
  author={Yann LeCun and L{\'e}on Bottou and Yoshua Bengio and Patrick Haffner},
  journal={Proc. IEEE},
  year={1998},
  volume={86},
  pages={2278-2324}
}
@inproceedings{188,
  title={Evaluation of Pooling Operations in Convolutional Architectures for Object Recognition},
  author={Dominik Scherer and Andreas C. M{\"u}ller and Sven Behnke},
  booktitle={International Conference on Artificial Neural Networks},
  year={2010}
}
@article{189,
  title={Effective Use of Word Order for Text Categorization with Convolutional Neural Networks},
  author={Rie Johnson and Tong Zhang},
  journal={ArXiv},
  year={2014},
  volume={abs/1412.1058}
}
@inproceedings{69,
  title={Convolutional Neural Networks for Sentence Classification},
  author={Yoon Kim},
  booktitle={Conference on Empirical Methods in Natural Language Processing},
  year={2014}
}
@inproceedings{141,
  title={Ant Colony Optimization Model for Discrete Tomography Problems},
  author={Divyesh Patel and Tanuja Srivastava},
  booktitle={International Conference on Soft Computing for Problem Solving},
  year={2013}
}
@inproceedings{142,
  title={Object Recognition Using Gabor Wavelet Features with Various Classification Techniques},
  author={Divya Sahgal and Manoranjan Parida},
  booktitle={International Conference on Soft Computing for Problem Solving},
  year={2013}
}
@article{202,
  title={Opening the Black Box of Deep Neural Networks via Information},
  author={Ravid Shwartz-Ziv and Naftali Tishby},
  journal={ArXiv},
  year={2017},
  volume={abs/1703.00810}
}
@inproceedings{203,
  title={Alternatives to regression models for estimating software projects},
  author={Stephen G. MacDonell and A. R. Gray},
  year={1996}
}
@inproceedings{204,
  title={Learning Important Features Through Propagating Activation Differences},
  author={Avanti Shrikumar and Peyton Greenside and Anshul Kundaje},
  booktitle={International Conference on Machine Learning},
  year={2017}
}
@article{205,
  title={Deep learning comes of age},
  author={Gary Anthes},
  journal={Commun. ACM},
  year={2013},
  volume={56},
  pages={13-15}
}
@article{206,
  title={One-shot and few-shot learning of word embeddings},
  author={Andrew Kyle Lampinen and James L. McClelland},
  journal={ArXiv},
  year={2017},
  volume={abs/1710.10280}
}
@article{207,
  title={Learning to Rank Short Text Pairs with Convolutional Deep Neural Networks},
  author={Aliaksei Severyn and Alessandro Moschitti},
  journal={Proceedings of the 38th International ACM SIGIR Conference on Research and Development in Information Retrieval},
  year={2015}
}
@article{140,
    author = "Divya Sahgal, A. Ramesh",
    title = "On Road Vehicle Detection Using Gabor Wavelet Features with Various Classification Techniques.",
    journal = "Proceedings of the 14th International Conference on Digital Signal Processing Proceedings.",
    year = "2002"
}
@article{168,
  title={Data mining approach and its application to dresses sales recommendation},
  author={Jasim, Dalia Sami},
  journal={Researchgate. Net},
  year={2016}
}
@book{172,
  title={Social network analytics for contemporary business organizations},
  author={Bansal, Himani and Shrivastava, Gulshan and Nguyen, Gia Nhu and Stanciu, Loredana-Mihaela},
  year={2018},
  publisher={IGI Global}
}
@article{143,
  title={Comparing Existing Methods for Predicting the Detection of Possibilities of Blood Cancer by Analyzing Health Data},
  author={Sanjay, Gandhi Priyank and Nagori, Viral and Sanjay, GP and Nagori, V},
  journal={Int. J. Innov. Res. Sci. Technol},
  volume={4},
  pages={10--14},
  year={2018}
}

@article{svm21,
  title={Evolving fuzzy min--max neural network based decision trees for data stream classification},
  author={Mirzamomen, Zahra and Kangavari, Mohammad Reza},
  journal={Neural Processing Letters},
  volume={45},
  pages={341--363},
  year={2017},
  publisher={Springer}
}

@misc{kaggle,
	title="New dataset from Lenta.RU [Электронный ресурс]",
	howpublished="Режим доступа URL: \url{https://www.kaggle.com/datasets/yutkin/corpus-of-russian-news-articles-from-lenta/data} (дата обращения: 02.05.2024)"
}

@misc{kaggle_data,
	title="New dataset from Lenta.RU [Электронный ресурс]",
	howpublished="Режим доступа URL: \url{https://www.kaggle.com/datasets/yutkin/corpus-of-russian-news-articles-from-lenta/data} (дата обращения: 02.05.2024)"
}

@misc{kaggle,
	title="Kaggle: Your Home for Data Science [Электронный ресурс]",
	howpublished="Режим доступа URL: \url{https://www.kaggle.com} (дата обращения: 02.05.2024)"
}

@misc{lenta,
	title="Lenta.ru - Новости России и мира сегодня [Электронный ресурс]",
	howpublished="Режим доступа URL: \url{https://lenta.ru/} (дата обращения: 02.05.2024)"
}

@misc{python,
	title="Welcome to Python.org [Электронный ресурс]",
	howpublished="Режим доступа URL: \url{https://www.python.org/} (дата обращения: 23.04.2024)"
}

@misc{vscode,
  title       = {Visual Studio Code},
  howpublished= "Режим доступа URL: \url{https://code.visualstudio.com/} (дата обращения: 23.04.2024)"
}

@article{11,
title = {Comparison of a logistic regression and Naïve Bayes classifier in landslide susceptibility assessments: The influence of models complexity and training dataset size},
journal = {CATENA},
volume = {145},
pages = {164-179},
year = {2016},
author = {Paraskevas Tsangaratos and Ioanna Ilia},
}

@article{9,
author = {Rubin, Timothy and Chambers, America and Smyth, Padhraic and Steyvers, Mark},
year = {2011},
pages = {},
title = {Statistical Topic Models for Multi-Label Document Classification},
volume = {88},
journal = {Mach Learn},
}

@article{10,
  title={Classification of heterogeneous text data for robust domain-specific language modeling},
  author={Sta{\v{s}}, J{\'a}n and Juh{\'a}r, Jozef and Hl{\'a}dek, Daniel},
  journal={EURASIP Journal on Audio, Speech, and Music Processing},
  volume={2014},
  pages={1--12},
  year={2014},
  publisher={Springer}
}

@article{8,
author = { Nidhi, Vishal Gupta },
title = { Recent Trends in Text Classification Techniques },
journal = { International Journal of Computer Applications },
issue_date = { December 2011 },
volume = { 35 },
number = { 6 },
year = { 2011 },
pages = { 45-51 },
numpages = {9},
publisher = {Foundation of Computer Science (FCS), NY, USA}
}

@misc{window,
    title       = {Windows 10 «Домашняя для одного языка»},
  howpublished= "Режим доступа URL: \url{https://tehnichka.pro/windows-10-home-for-one-language/} (дата обращения: 23.04.2024)"
}

@misc{cpu,
    title       = {Intel Core i5-1135G7},
  howpublished= "Режим доступа URL: \url{https://www.notebookcheck-ru.com/Intel-Core-i5-1135G7-Testirovanie-processora.507554.0.html} (дата обращения: 23.04.2024)"
}
@article{phan1,
  title={Text classification algorithms: A survey},
  author={Kowsari, Kamran and Jafari Meimandi, Kiana and Heidarysafa, Mojtaba and Mendu, Sanjana and Barnes, Laura and Brown, Donald},
  journal={Information},
  volume={10},
  number={4},
  pages={150},
  year={2019},
  publisher={Multidisciplinary Digital Publishing Institute}
}